@article{halliday2002fundamentals,
  title={Fundamentals of Physics, Enhanced Problems Version},
  author={Halliday, David and Resnick, Robert and Walker, Jearl},
  journal={Fundamentals of Physics},
  pages={1128},
  year={2002}
}

@book{nussenzveig2013curso,
  title={Curso de f{\'\i}sica b{\'a}sica: Mec{\^a}nica (vol. 1)},
  author={Nussenzveig, Herch Moys{\'e}s},
  volume={394},
  year={2013},
  publisher={Editora Blucher}
}

@book{nussenzveig2018curso,
  title={Curso de F{\'\i}sica B{\'a}sica: fluidos, oscila{\c{c}}{\~o}es e ondas, calor},
  author={Nussenzveig, Herch Moys{\'e}s},
  volume={2},
  year={2018},
  publisher={Editora Blucher}
}

@book{nussenzveig2015curso,
  title={Curso de f{\'\i}sica b{\'a}sica: Eletromagnetismo (vol. 3)},
  author={Nussenzveig, Herch Moys{\'e}s},
  volume={3},
  year={2015},
  publisher={Editora Blucher}
}

@book{nussenzveig2014curso,
  title={Curso de f{\'\i}sica b{\'a}sica: {\'O}tica, relatividade, f{\'\i}sica qu{\^a}ntica (vol. 4)},
  author={Nussenzveig, Herch Moys{\'e}s},
  year={2014},
  publisher={Editora Blucher}
}

@article{ayars2013computational,
  title={Computational Physics With Python},
  author={Ayars, Eric},
  journal={California State University},
  year={2013}
}

@book{hill2020learning,
  title={Learning scientific programming with Python},
  author={Hill, Christian},
  year={2020},
  publisher={Cambridge University Press}
}

@article{collatzconjecture,
  title={The 3 x+ 1 problem and its generalizations},
  author={Lagarias, Jeffrey C},
  journal={The American Mathematical Monthly},
  volume={92},
  number={1},
  pages={3--23},
  year={1985},
  publisher={Taylor \& Francis}
}